<?xml version="1.0" encoding="UTF-8"?><collection xmlns="http://www.loc.gov/MARC21/slim"><record><leader>00427nam--2200145-i-4500</leader><controlfield tag="001">000007393</controlfield><controlfield tag="002">20161230</controlfield><controlfield tag="005">20170303111532</controlfield><controlfield tag="008">060222s1000------------r-----000-0-rum-d</controlfield><datafield ind1="1" ind2=" " tag="100"><subfield code="a">Angot, Andre</subfield></datafield><datafield ind1="1" ind2="0" tag="245"><subfield code="a">Complemente de matematici pentru inginerii din electrotehnica si din telecomunicatii</subfield></datafield><datafield ind1=" " ind2=" " tag="260"><subfield code="a">Bucuresti, Editura Tehnica, 1965 904 P</subfield></datafield><datafield ind1="1" ind2=" " tag="700"><subfield code="a">Andre, Angot</subfield></datafield><datafield ind1=" " ind2=" " tag="852"><subfield code="a">22420</subfield><subfield code="c">51</subfield></datafield><datafield ind1=" " ind2=" " tag="CAT"><subfield code="a">SYS</subfield><subfield code="c">20170303</subfield><subfield code="h">111532</subfield></datafield></record></collection>